@article{bolnick2011intraspecific,
  title={Why intraspecific trait variation matters in community ecology},
  author={Bolnick, Daniel I and Amarasekare, Priyanga and Ara{\'u}jo, M{\'a}rcio S and B{\"u}rger, Reinhard and Levine, Jonathan M and Novak, Mark and Rudolf, Volker HW and Schreiber, Sebastian J and Urban, Mark C and Vasseur, David A},
  journal={Trends in ecology \& evolution},
  volume={26},
  number={4},
  pages={183--192},
  year={2011},
  publisher={Elsevier}
}

@book{malthus1992malthus,
  title={Malthus:'An Essay on the Principle of Population'},
  author={Malthus, Thomas Robert and Winch, Donald and James, Patricia},
  year={1992},
  publisher={Cambridge University Press}
}
@article{weisstein2003logistic,
  title={Logistic equation},
  author={Weisstein, Eric W},
  year={2003},
  publisher={Wolfram Research, Inc.}
}

@article{zwietering1990modeling,
  title={Modeling of the bacterial growth curve},
  author={Zwietering, MH and Jongenburger, Il and Rombouts, FM and Van't Riet, KJAEM},
  journal={Appl. Environ. Microbiol.},
  volume={56},
  number={6},
  pages={1875--1881},
  year={1990},
  publisher={Am Soc Microbiol}
}
@article{xiong1999comparison,
  title={Comparison of the Baranyi model with the modified Gompertz equation for modelling thermal inactivation of Listeria monocytogenes Scott A},
  author={Xiong, R and Xie, G and Edmondson, AS and Linton, RH and Sheard, MA},
  journal={Food Microbiology},
  volume={16},
  number={3},
  pages={269--279},
  year={1999},
  publisher={Elsevier}
}
@article{lopez2004statistical,
  title={Statistical evaluation of mathematical models for microbial growth},
  author={L{\'o}pez, Sophie and Prieto, M and Dijkstra, Jan and Dhanoa, Mewa Singh and France, Jim},
  journal={International journal of food microbiology},
  volume={96},
  number={3},
  pages={289--300},
  year={2004},
  publisher={Elsevier}
}