@article{anopheles2017genetic,
  title={Genetic diversity of the African malaria vector Anopheles gambiae},
  author={Anopheles gambiae 1000 Genomes Consortium and others},
  journal={Nature},
  volume={552},
  number={7683},
  pages={96--100},
  year={2017},
  publisher={Nature Publishing Group}
}

@article{malaria2005world,
  title={World malaria report 2005},
  author={Malaria, Roll Back and others},
  journal={World Health Organization and UNICEF},
  year={2005}
}

@article{ito2002transgenic,
  title={Transgenic anopheline mosquitoes impaired in transmission of a malaria parasite},
  author={Ito, Junitsu and Ghosh, Anil and Moreira, Luciano A and Wimmer, Ernst A and Jacobs-Lorena, Marcelo},
  journal={Nature},
  volume={417},
  number={6887},
  pages={452--455},
  year={2002},
  publisher={Nature Publishing Group}
}

@article{torada2019imagene,
  title={ImaGene: a convolutional neural network to quantify natural selection from genomic data},
  author={Torada, Luis and Lorenzon, Lucrezia and Beddis, Alice and Isildak, Ulas and Pattini, Linda and Mathieson, Sara and Fumagalli, Matteo},
  journal={BMC bioinformatics},
  volume={20},
  number={9},
  pages={337},
  year={2019},
  publisher={Springer}
}

@article{agatonovic2000basic,
  title={Basic concepts of artificial neural network (ANN) modeling and its application in pharmaceutical research},
  author={Agatonovic-Kustrin, S and Beresford, R},
  journal={Journal of pharmaceutical and biomedical analysis},
  volume={22},
  number={5},
  pages={717--727},
  year={2000},
  publisher={Elsevier}
}

@article{brownlee2016deep,
  title={What is deep learning},
  author={Brownlee, Jason},
  journal={Machine learning mastery},
  volume={16},
  year={2016}
}

@article{karpathy2016convolutional,
  title={Convolutional neural networks (cnns/convnets)},
  author={Karpathy, Andrej},
  journal={CS231n Convolutional Neural Networks for Visual Recognition},
  year={2016}
}

@article{ewing2010msms,
  title={MSMS: a coalescent simulation program including recombination, demographic structure and selection at a single locus},
  author={Ewing, Gregory and Hermisson, Joachim},
  journal={Bioinformatics},
  volume={26},
  number={16},
  pages={2064--2065},
  year={2010},
  publisher={Oxford University Press}
}

@misc{anopheles2014ag1000g,
  title={Ag1000G phase 1 AR2 data release. MalariaGEN},
  author={Anopheles gambiae 1000 Genomes Consortium and others},
  year={2014}
}

@book{gulli2017deep,
  title={Deep learning with Keras},
  author={Gulli, Antonio and Pal, Sujit},
  year={2017},
  publisher={Packt Publishing Ltd}
}

@inproceedings{chen2019drop,
  title={Drop an octave: Reducing spatial redundancy in convolutional neural networks with octave convolution},
  author={Chen, Yunpeng and Fan, Haoqi and Xu, Bing and Yan, Zhicheng and Kalantidis, Yannis and Rohrbach, Marcus and Yan, Shuicheng and Feng, Jiashi},
  booktitle={Proceedings of the IEEE International Conference on Computer Vision},
  pages={3435--3444},
  year={2019}
}